<record><leader>00000cas a22000007a 4500</leader><controlfield tag="001">8811436</controlfield><controlfield tag="008">820927d18711874ksudr ne      0    0eng  </controlfield><controlfield tag="009">466</controlfield><datafield ind1=" " ind2=" " tag="010"><subfield code="a">sn 82015326 </subfield></datafield><datafield ind1=" " ind2=" " tag="040"><subfield code="a">DLC</subfield><subfield code="b">eng</subfield><subfield code="c">DLC</subfield><subfield code="d">NPT</subfield><subfield code="d">NPU</subfield><subfield code="d">NPT</subfield><subfield code="d">NPX</subfield><subfield code="d">NPT</subfield><subfield code="d">DLC</subfield><subfield code="d">OBN</subfield><subfield code="d">OCLCQ</subfield><subfield code="d">OCLCO</subfield><subfield code="d">OCLCF</subfield><subfield code="d">OCLCA</subfield></datafield><datafield ind1="1" ind2=" " tag="029"><subfield code="a">AU@</subfield><subfield code="b">000025829484</subfield></datafield><datafield ind1=" " ind2=" " tag="042"><subfield code="a">msc</subfield></datafield><datafield ind1="0" ind2="0" tag="050"><subfield code="a">Newspaper 7833</subfield></datafield><datafield ind1="0" ind2="4" tag="245"><subfield code="a">The Daily Kansas tribune.</subfield></datafield><datafield ind1="1" ind2="3" tag="246"><subfield code="a">Kansas tribune</subfield></datafield><datafield ind1=" " ind2=" " tag="260"><subfield code="a">Lawrence, Kan. :</subfield><subfield code="b">Kansas Tribune Co.</subfield></datafield><datafield ind1=" " ind2=" " tag="300"><subfield code="a">v.</subfield></datafield><datafield ind1=" " ind2=" " tag="310"><subfield code="a">Daily</subfield></datafield><datafield ind1="0" ind2=" " tag="362"><subfield code="a">Vol. 8, no. 273 (Oct. 22, 1871)-v. 11, no. 274 (Dec. 6, 1874).</subfield></datafield><datafield ind1=" " ind2=" " tag="580"><subfield code="a">Weekly eds.: Kansas weekly tribune; Weekly Kansas tribune; Kansas tribune (Lawrence, Kan. : 1873).</subfield></datafield><datafield ind1=" " ind2="0" tag="651"><subfield code="a">Lawrence (Kan.)</subfield><subfield code="v">Newspapers.</subfield></datafield><datafield ind1=" " ind2="0" tag="651"><subfield code="a">Douglas County (Kan.)</subfield><subfield code="v">Newspapers.</subfield></datafield><datafield ind1=" " ind2="7" tag="655"><subfield code="a">Newspapers.</subfield><subfield code="2">fast</subfield><subfield code="0">(OCoLC)fst01423814</subfield></datafield><datafield ind1=" " ind2="7" tag="651"><subfield code="a">Kansas</subfield><subfield code="z">Douglas County.</subfield><subfield code="2">fast</subfield><subfield code="0">(OCoLC)fst01215492</subfield></datafield><datafield ind1=" " ind2="7" tag="651"><subfield code="a">Kansas</subfield><subfield code="z">Lawrence.</subfield><subfield code="2">fast</subfield><subfield code="0">(OCoLC)fst01212060</subfield></datafield><datafield ind1=" " ind2=" " tag="752"><subfield code="a">United States</subfield><subfield code="b">Kansas</subfield><subfield code="c">Douglas</subfield><subfield code="d">Lawrence.</subfield></datafield><datafield ind1="1" ind2=" " tag="775"><subfield code="t">Kansas weekly tribune</subfield><subfield code="w">(DLC)sn 82014060</subfield></datafield><datafield ind1="1" ind2=" " tag="775"><subfield code="t">Weekly Kansas tribune</subfield><subfield code="w">(DLC)sn 84029635</subfield></datafield><datafield ind1="1" ind2=" " tag="775"><subfield code="t">Kansas tribune (Lawrence, Kan. : 1873)</subfield><subfield code="w">(DLC)sn 84029653</subfield></datafield><datafield ind1="0" ind2="0" tag="780"><subfield code="t">Kansas daily tribune (Lawrence, Kan. : 1863)</subfield><subfield code="w">(DLC)sn 82006865</subfield></datafield><datafield ind1="0" ind2="4" tag="785"><subfield code="t">Republican daily journal</subfield><subfield code="w">(DLC)sn 82003371</subfield></datafield></record>